@article{erbe_improving_2012,
	title = {Improving accuracy of genomic predictions within and between dairy cattle breeds with imputed high-density single nucleotide polymorphism panels},
	volume = {95},
	doi = {10.3168/jds.2011-5019},
	number = {7},
	journal = {Journal of Dairy Science},
	author = {Erbe, M. and Hayes, B.J. and Matukumalli, L.K. and Goswami, S. and Bowman, P.J. and Reich, C.M. and Mason, B.A. and Goddard, M.E.},
	year = {2012}
}

@article{macleod_exploiting_2016,
	title = {Exploiting biological priors and sequence variants enhances {QTL} discovery and genomic prediction of complex traits},
	volume = {17},
	doi = {10.1186/s12864-016-2443-6},
	number = {1},
	journal = {BMC Genomics},
	author = {MacLeod, I. M. and Bowman, P. J. and Vander Jagt, C. J. and Haile-Mariam, M. and Kemper, K. E. and Chamberlain, A. J. and Schrooten, C. and Hayes, B. J. and Goddard, M. E.},
	year = {2016},
	pages = {144}
}

@article{habier_extension_2011,
	title={Extension of the {Bayesian} alphabet for genomic selection},
	author={Habier, David and Fernando, Rohan L and Kizilkaya, Kadir and Garrick, Dorian J},
	journal={BMC Bioinformatics},
	volume={12},
	doi = {10.1186/1471-2105-12-186},
	number={1},
	pages={186},
	year={2011}
}

@article{moser_simultaneous_2015,
	title = {Simultaneous {discovery}, {estimation} and {prediction} {analysis} of {complex} {traits} {using} a {Bayesian} {mixture} {model}},
	volume = {11},
	doi = {10.1371/journal.pgen.1004969},
	number = {4},
	journal = {PLOS Genetics},
	author = {Moser, Gerhard and Lee, Sang Hong and Hayes, Ben J. and Goddard, Michael E. and Wray, Naomi R. and Visscher, Peter M.},
	year = {2015},
	pages = {e1004969}
}

@article{mollandin_2022,
	title = {Accounting for overlapping annotations in genomic prediction models of complex traits},
	volume = {23},
	doi = {10.1186/s12859-022-04914-5},
	number = {365},
	journal = {BMC Bioinformatics},
	author = {Mollandin, Fanny and Gilbert, H{\'e}l{\`e}ne and Croiseau, Pascal and Rau, Andrea},
	year = {2022}
}


